<record><leader>00000cas a2200000 i 4500</leader><controlfield tag="001">6835990</controlfield><controlfield tag="008">801017d19301961vauzx ne      0    0eng d</controlfield><datafield ind1=" " ind2=" " tag="010"><subfield code="a">sn 97067072 </subfield></datafield><datafield ind1=" " ind2=" " tag="040"><subfield code="a">VOD</subfield><subfield code="b">eng</subfield><subfield code="c">VOD</subfield><subfield code="d">NVK</subfield><subfield code="d">OCL</subfield><subfield code="d">OCLCQ</subfield><subfield code="d">OCLCF</subfield><subfield code="d">OCLCO</subfield><subfield code="d">NVK</subfield></datafield><datafield ind1=" " ind2=" " tag="042"><subfield code="a">msc</subfield></datafield><datafield ind1=" " ind2=" " tag="090"><subfield code="a">LD4332</subfield><subfield code="b">.M32</subfield></datafield><datafield ind1="0" ind2="4" tag="245"><subfield code="a">The High hat.</subfield></datafield><datafield ind1=" " ind2=" " tag="260"><subfield code="a">Norfolk, Va. :</subfield><subfield code="b">College of William and Mary,</subfield><subfield code="c">1930-</subfield></datafield><datafield ind1=" " ind2=" " tag="300"><subfield code="a">31 v. :</subfield><subfield code="b">ill. ;</subfield><subfield code="c">30-40 cm.</subfield></datafield><datafield ind1=" " ind2=" " tag="310"><subfield code="a">Frequency varies; bimonthly</subfield></datafield><datafield ind1="0" ind2=" " tag="362"><subfield code="a">Vol. 1 (Nov. 1930)-v. 31 (June 1961).</subfield></datafield><datafield ind1=" " ind2=" " tag="500"><subfield code="a">Student newspaper.</subfield></datafield><datafield ind1=" " ind2=" " tag="500"><subfield code="a">"Norfolk's College Newspaper." &lt;Oct. 17, 1945-</subfield></datafield><datafield ind1=" " ind2=" " tag="500"><subfield code="a">"In 1931 a branch of the V[irginia] P[olytechnic] I[nstitute] was established in conjunction with the Norfolk division of the College of William and Mary."</subfield></datafield><datafield ind1="2" ind2="0" tag="610"><subfield code="a">Old Dominion University</subfield><subfield code="v">Newspapers.</subfield></datafield><datafield ind1="2" ind2="0" tag="610"><subfield code="a">College of William and Mary</subfield><subfield code="v">Newspapers.</subfield></datafield><datafield ind1=" " ind2="0" tag="651"><subfield code="a">Norfolk (Va.)</subfield><subfield code="v">Newspapers.</subfield></datafield><datafield ind1="2" ind2="7" tag="610"><subfield code="a">College of William and Mary.</subfield><subfield code="2">fast</subfield><subfield code="0">(OCoLC)fst00540565</subfield></datafield><datafield ind1="2" ind2="7" tag="610"><subfield code="a">Old Dominion University.</subfield><subfield code="2">fast</subfield><subfield code="0">(OCoLC)fst00529510</subfield></datafield><datafield ind1=" " ind2="7" tag="651"><subfield code="a">Virginia</subfield><subfield code="z">Norfolk.</subfield><subfield code="2">fast</subfield><subfield code="0">(OCoLC)fst01206844</subfield></datafield><datafield ind1=" " ind2="7" tag="655"><subfield code="a">Newspapers.</subfield><subfield code="2">fast</subfield><subfield code="0">(OCoLC)fst01423814</subfield></datafield><datafield ind1="2" ind2=" " tag="710"><subfield code="a">College of William and Mary.</subfield><subfield code="b">Norfolk Division.</subfield></datafield><datafield ind1=" " ind2=" " tag="752"><subfield code="a">United States</subfield><subfield code="b">Virginia</subfield><subfield code="d">Norfolk.</subfield></datafield><datafield ind1="0" ind2="0" tag="785"><subfield code="t">Mace &amp; crown</subfield><subfield code="w">(DLC)  2016270583</subfield></datafield><datafield ind1=" " ind2=" " tag="936"><subfield code="a">Dec. 10, 1945 LIC</subfield></datafield><datafield ind1="1" ind2=" " tag="029"><subfield code="a">AU@</subfield><subfield code="b">000025924075</subfield></datafield></record>